
@article{Artstein2008,
  title={Inter-coder agreement for computational linguistics},
  author={Artstein, Ron and Poesio, Massimo},
  journal={Computational Linguistics},
  volume={34},
  number={4},
  pages={555--596},
  year={2008},
  publisher={MIT Press}
}

@article{Krippendorff2011,
  title={Agreement and information in the reliability of coding},
  author={Krippendorff, Klaus},
  journal={Communication Methods and Measures},
  volume={5},
  number={2},
  pages={93--112},
  year={2011},
  publisher={Taylor \& Francis}
}

@article{Lopez2015,
  title={Crowdsourced Word Sense Annotations and Difficult Words and Examples},
  author={Lopez de Lacalle, Oier  and Agirre, Eneko},
  journal={IWCS},
  year={2015}
}

@article{Yarowsky2002,
  title={Evaluating sense disambiguation across diverse parameter spaces},
  author={Yarowsky, David and Florian, Radu},
  journal={Natural Language Engineering},
  volume={8},
  number={04},
  pages={293--310},
  year={2002},
  publisher={Cambridge Univ Press}
}

@inproceedings{Sogaard2015,
  title={Using frame semantics for knowledge extraction from {Twitter}},
  author={S{\o}gaard, Anders and Plank, Barbara and Alonso, H{\'e}ctor Mart{\'i}nez Alonso},
  booktitle={AAAI},
  year={2015}
}

@article{Gella2014,
  title={One Sense per Tweeter... and Other Lexical Semantic Tales of Twitter},
  author={Gella, Spandana and Cook, Paul and Baldwin, Timothy},
  journal={EACL 2014},
  pages={215},
  year={2014}
}

@article{Passonneau2014,
  title={The benefits of a model of annotation},
  author={Passonneau, Rebecca J and Carpenter, Bob},
  journal={TACL},
  volume={2},
  pages={311--326},
  year={2014}
}

@inproceedings{Passonneau2012,
  title={The {MASC} word sense sentence corpus},
  author={Passonneau, Rebecca J and Baker, Collin and Fellbaum, Christiane and Ide, Nancy},
  booktitle={LREC},
  year={2012}
}

@inproceedings{Passenau2010,
  title={Word Sense Annotation of Polysemous Words by Multiple Annotators.},
  author={Passonneau, Rebecca J and Salleb-Aouissi, Ansaf and Bhardwaj, Vikas and Ide, Nancy},
  booktitle={LREC},
  year={2010}
}

@inproceedings{Plank2014,
  title={Linguistically debatable or just plain wrong?},
  author={Plank, Barbara and Hovy, Dirk and S{\o}gaard, Anders},
  booktitle={ACL},
  year={2014}
}


@inproceedings{Jurgens2013,
  title={Embracing Ambiguity: A Comparison of Annotation Methodologies for Crowdsourcing Word Sense Labels.},
  author={Jurgens, David},
  booktitle={HLT-NAACL},
  year={2013}
}

@inproceedings{Jurgens2014,
  title={An analysis of ambiguity in word sense annotations},
  author={Jurgens, David},
  booktitle={LREC},
  year={2014}
}

@InProceedings{MartinezAlonso2013,
  author    = {Mart\'{i}nez Alonso, H\'{e}ctor  and  Sandford Pedersen, Bolette  and  Bel, N\'{u}ria},
  title     = {Annotation of regular polysemy and underspecification},
  booktitle = {Proceedings of the 51st Annual Meeting of the Association for Computational Linguistics (Volume 2: Short Papers)},
  year      = {2013},
  address   = {Sofia, Bulgaria},
  publisher = {Association for Computational Linguistics},
  pages     = {725--730},

}

@inproceedings{MartinezAlonso2015,
  title={Supersense tagging for {Danish}},
  author={Mart\'{i}nez Alonso, H\'{e}ctor and Johannsen, Anders and Sussi, Nimb and Olsen, Sussi and Pedersen, Bolette Sandford},
  booktitle={NODALIDA},
  year={2015},
}

@inproceedings{Cohn2013,
  title={Modelling Annotator Bias with Multi-task {Gaussian} Processes: An Application to Machine Translation Quality Estimation.},
  author={Cohn, Trevor and Specia, Lucia},
  booktitle={ACL},
  year={2013},
}

@inproceedings{Tomuro2001,
  title={Systematic polysemy and interannotator disagreement: Empirical examinations},
  author={Tomuro, Noriko},
  booktitle={First International Workshop on Generative Approaches to Lexicon},
  year={2001}
}

@article{Johannsen2014,
  title={More or less supervised supersense tagging of {Twitter}},
  author={Johannsen, Anders and Hovy, Dirk and Alonso, H{\'e}ctor Mart{\'i}nez Alonso and Plank, Barbara and S{\o}gaard, Anders},
  journal={Lexical and Computational Semantics (* SEM 2014)},
  year={2014}
}


@inproceedings{Agirre2006,
  title={A methodology for the joint development of the {Basque WordNet} and {Semcor}},
  author={Agirre, Eneko and Aldezabal, Izaskun and Etxeberria, Jone and Izagirre, Eli and Mendizabal, Karmele and Pociello, Eli and Quintian, Mikel},
  booktitle={LREC},
  year={2006}
}

@inproceedings{Schmid1994,
  title={Probabilistic part-of-speech tagging using decision trees},
  author={Schmid, Helmut},
  booktitle={Proceedings of the International Conference on New Methods in Language Processing},
  year={1994},
}

@inproceedings{Martins2010,
  title={Turbo parsers: Dependency parsing by approximate variational inference},
  author={Martins, Andr{\'e} FT and Smith, Noah A and Xing, Eric P and Aguiar, Pedro MQ and Figueiredo, M{\'a}rio AT},
  booktitle={EMNLP},
  year={2010},
  organization={Association for Computational Linguistics}
}


  @InProceedings{lopezdelacalleagirre2015,
   author    = {Lopez de Lacalle, Oier  and  Agirre, Eneko},
   title     = {A Methodology for Word Sense Disambiguation at 90\% 
based on large-scale CrowdSourcing},
   booktitle = {Lexical 
and Computational Semantics (*SEM)},
   year      = {2015},}
   
@phdthesis{alonso2013annotation,
  title={Annotation of regular polysemy: an empirical assessment of the underspecified sense},
  author={Mart{\'\i}nez Alonso, H{\'e}ctor },
  year={2013},
  school={University of Copenhagen}
}

@inproceedings{passonneau2009making,
  title={Making sense of word sense variation},
  author={Passonneau, Rebecca J and Salleb-Aouissi, Ansaf and Ide, Nancy},
  booktitle={Proceedings of the Workshop on Semantic Evaluations: Recent Achievements and Future Directions},
  year={2009},
  organization={Association for Computational Linguistics}
}

@inproceedings{ferraresi2008introducing,
  title={Introducing and evaluating ukwac, a very large web-derived corpus of english},
  author={Ferraresi, Adriano and Zanchetta, Eros and Baroni, Marco and Bernardini, Silvia},
  booktitle={Proceedings of the 4th Web as Corpus Workshop (WAC-4) Can we beat Google},
  year={2008}
}


@inproceedings{Asmussen2012,
	Author = {Asmussen, J{\o}rg and Halskov, Jakob},
	Booktitle = {Sprogteknologisk Workshop},
	Title = {The {CLARIN DK R}eference {C}orpus},
	Year = {2012}}


 @InProceedings{leturia:2012,
  author    = {Leturia, Igor},
  title     = {Evaluating Different Methods for Automatically Collecting Large General Corpora for {B}asque from the Web},
  booktitle = {Proceedings of COLING 2012},
  month     = {December},
  year      = {2012},
  address   = {Mumbai, India},
  publisher = {The COLING 2012 Organizing Committee},
}

@inproceedings{Gale1992,
  title={One sense per discourse},
  author={Gale, William A and Church, Kenneth W and Yarowsky, David},
  booktitle={Proceedings of the workshop on Speech and Natural Language},
  year={1992},
}